[gd_scene load_steps=19 format=3 uid="uid://xpx4or4xlbki"]

[ext_resource type="Texture2D" uid="uid://d0nmei3vq2or8" path="res://sprites/characters/gbot/gBot_body.png" id="1_v44wd"]
[ext_resource type="Texture2D" uid="uid://bt3sqtuhfk7jv" path="res://sprites/characters/gbot/gBot_arm_l.png" id="2_wqh6e"]
[ext_resource type="Texture2D" uid="uid://cxcf3pp57ixq0" path="res://sprites/characters/gbot/gBot_forearm_l.png" id="3_fdcwj"]
[ext_resource type="Texture2D" uid="uid://1hdcov2ubssy" path="res://sprites/characters/gbot/gBot_leg_r.png" id="4_fapst"]
[ext_resource type="Texture2D" uid="uid://yvn7pe5i7jo1" path="res://sprites/characters/gbot/gBot_shin_r.png" id="5_8lr35"]
[ext_resource type="Texture2D" uid="uid://bkl27tqjhggoo" path="res://sprites/characters/gbot/gBot_foot_r.png" id="6_e13od"]
[ext_resource type="Texture2D" uid="uid://bghms1jnujtr5" path="res://sprites/characters/gbot/gBot_arm_r.png" id="7_3505v"]
[ext_resource type="Texture2D" uid="uid://dr0fj2e14wc7g" path="res://sprites/characters/gbot/gBot_forearm_r.png" id="8_0shv8"]
[ext_resource type="Texture2D" uid="uid://ceabgmll4i8rs" path="res://sprites/characters/gbot/gBot_hip.png" id="9_8yfpm"]
[ext_resource type="Texture2D" uid="uid://qfw4w7c4c0of" path="res://sprites/characters/gbot/gBot_head.png" id="10_bsm78"]
[ext_resource type="Texture2D" uid="uid://23her8wrcshe" path="res://sprites/characters/gbot/gBot_jaw.png" id="11_lhrco"]
[ext_resource type="Texture2D" uid="uid://dttln08lsyosv" path="res://sprites/characters/gbot/gBot_leg_l.png" id="12_hwvfo"]
[ext_resource type="Texture2D" uid="uid://c5ibgl7b8pj4q" path="res://sprites/characters/gbot/gBot_shin_l.png" id="13_vqf6t"]
[ext_resource type="Texture2D" uid="uid://djaqq8mrjy3yq" path="res://sprites/characters/gbot/gBot_foot_l.png" id="14_d8wmw"]
[ext_resource type="Animation" uid="uid://bpvo4qh4qu01n" path="res://sprites/characters/gbot/Walk.res" id="15_ltbu1"]

[sub_resource type="Animation" id="Animation_edtno"]
tracks/0/type = "value"
tracks/0/imported = false
tracks/0/enabled = true
tracks/0/path = NodePath("Skeleton2D/HipBone2D/BodyBone2D/ArmLeftBone2D:position")
tracks/0/interp = 1
tracks/0/loop_wrap = true
tracks/0/keys = {
"times": PackedFloat32Array(0, 0.5),
"transitions": PackedFloat32Array(1, 1),
"update": 0,
"values": [Vector2(72.9678, -127.155), Vector2(72.9678, -127.155)]
}
tracks/1/type = "value"
tracks/1/imported = false
tracks/1/enabled = true
tracks/1/path = NodePath("Skeleton2D/HipBone2D/BodyBone2D/ArmLeftBone2D:rotation")
tracks/1/interp = 1
tracks/1/loop_wrap = true
tracks/1/keys = {
"times": PackedFloat32Array(0, 0.5),
"transitions": PackedFloat32Array(1, 1),
"update": 0,
"values": [0.0, -2.38083]
}
tracks/2/type = "value"
tracks/2/imported = false
tracks/2/enabled = true
tracks/2/path = NodePath("Skeleton2D/HipBone2D/BodyBone2D/LegRightBone2D:position")
tracks/2/interp = 1
tracks/2/loop_wrap = true
tracks/2/keys = {
"times": PackedFloat32Array(0, 0.5),
"transitions": PackedFloat32Array(1, 1),
"update": 0,
"values": [Vector2(-40, 71), Vector2(-40, 71)]
}
tracks/3/type = "value"
tracks/3/imported = false
tracks/3/enabled = true
tracks/3/path = NodePath("Skeleton2D/HipBone2D/BodyBone2D/LegRightBone2D:rotation")
tracks/3/interp = 1
tracks/3/loop_wrap = true
tracks/3/keys = {
"times": PackedFloat32Array(0, 0.5),
"transitions": PackedFloat32Array(1, 1),
"update": 0,
"values": [0.0, -1.64358]
}
tracks/4/type = "value"
tracks/4/imported = false
tracks/4/enabled = true
tracks/4/path = NodePath("Skeleton2D/HipBone2D/BodyBone2D/LegRightBone2D/ShinRightBone2D:position")
tracks/4/interp = 1
tracks/4/loop_wrap = true
tracks/4/keys = {
"times": PackedFloat32Array(0, 0.5),
"transitions": PackedFloat32Array(1, 1),
"update": 0,
"values": [Vector2(-20.9995, 94), Vector2(-20.9995, 94)]
}
tracks/5/type = "value"
tracks/5/imported = false
tracks/5/enabled = true
tracks/5/path = NodePath("Skeleton2D/HipBone2D/BodyBone2D/LegRightBone2D/ShinRightBone2D:rotation")
tracks/5/interp = 1
tracks/5/loop_wrap = true
tracks/5/keys = {
"times": PackedFloat32Array(0, 0.5),
"transitions": PackedFloat32Array(1, 1),
"update": 0,
"values": [0.0, 1.62873]
}

[sub_resource type="Animation" id="Animation_4n0ke"]
length = 0.001
tracks/0/type = "value"
tracks/0/imported = false
tracks/0/enabled = true
tracks/0/path = NodePath("Skeleton2D/HipBone2D/BodyBone2D/ArmLeftBone2D:position")
tracks/0/interp = 1
tracks/0/loop_wrap = true
tracks/0/keys = {
"times": PackedFloat32Array(0),
"transitions": PackedFloat32Array(1),
"update": 0,
"values": [Vector2(72.9678, -127.155)]
}
tracks/1/type = "value"
tracks/1/imported = false
tracks/1/enabled = true
tracks/1/path = NodePath("Skeleton2D/HipBone2D/BodyBone2D/ArmLeftBone2D:rotation")
tracks/1/interp = 1
tracks/1/loop_wrap = true
tracks/1/keys = {
"times": PackedFloat32Array(0),
"transitions": PackedFloat32Array(1),
"update": 0,
"values": [0.0]
}
tracks/2/type = "value"
tracks/2/imported = false
tracks/2/enabled = true
tracks/2/path = NodePath("Skeleton2D/HipBone2D/BodyBone2D/LegRightBone2D:position")
tracks/2/interp = 1
tracks/2/loop_wrap = true
tracks/2/keys = {
"times": PackedFloat32Array(0),
"transitions": PackedFloat32Array(1),
"update": 0,
"values": [Vector2(-40, 71)]
}
tracks/3/type = "value"
tracks/3/imported = false
tracks/3/enabled = true
tracks/3/path = NodePath("Skeleton2D/HipBone2D/BodyBone2D/LegRightBone2D:rotation")
tracks/3/interp = 1
tracks/3/loop_wrap = true
tracks/3/keys = {
"times": PackedFloat32Array(0),
"transitions": PackedFloat32Array(1),
"update": 0,
"values": [0.0]
}
tracks/4/type = "value"
tracks/4/imported = false
tracks/4/enabled = true
tracks/4/path = NodePath("Skeleton2D/HipBone2D/BodyBone2D/LegRightBone2D/ShinRightBone2D:position")
tracks/4/interp = 1
tracks/4/loop_wrap = true
tracks/4/keys = {
"times": PackedFloat32Array(0),
"transitions": PackedFloat32Array(1),
"update": 0,
"values": [Vector2(-20.9995, 94)]
}
tracks/5/type = "value"
tracks/5/imported = false
tracks/5/enabled = true
tracks/5/path = NodePath("Skeleton2D/HipBone2D/BodyBone2D/LegRightBone2D/ShinRightBone2D:rotation")
tracks/5/interp = 1
tracks/5/loop_wrap = true
tracks/5/keys = {
"times": PackedFloat32Array(0),
"transitions": PackedFloat32Array(1),
"update": 0,
"values": [0.0]
}

[sub_resource type="AnimationLibrary" id="AnimationLibrary_ije7i"]
_data = {
"Jump": SubResource("Animation_edtno"),
"RESET": SubResource("Animation_4n0ke"),
"Walk": ExtResource("15_ltbu1")
}

[node name="Scene5" type="Node2D"]

[node name="RefCounted" type="Sprite2D" parent="."]
visible = false
position = Vector2(480, -152)

[node name="Skeleton2D" type="Skeleton2D" parent="."]

[node name="HipBone2D" type="Bone2D" parent="Skeleton2D"]
scale = Vector2(0.1, 0.1)
rest = Transform2D(0.1, 0, 0, 0.1, 553, 284)
editor_settings/show_bone_gizmo = false

[node name="BodyBone2D" type="Bone2D" parent="Skeleton2D/HipBone2D"]
position = Vector2(-4.00049, -49)
rest = Transform2D(1, 0, 0, 1, -4.00049, -49)
editor_settings/show_bone_gizmo = false

[node name="Body" type="Sprite2D" parent="Skeleton2D/HipBone2D/BodyBone2D"]
z_index = 1
texture = ExtResource("1_v44wd")
offset = Vector2(7, -106)

[node name="ArmLeftBone2D" type="Bone2D" parent="Skeleton2D/HipBone2D/BodyBone2D"]
position = Vector2(72.9678, -127.155)
rest = Transform2D(1, 0, 0, 1, 72.9678, -127.155)
editor_settings/show_bone_gizmo = false

[node name="ArmLeft" type="Sprite2D" parent="Skeleton2D/HipBone2D/BodyBone2D/ArmLeftBone2D"]
z_index = -3
texture = ExtResource("2_wqh6e")
offset = Vector2(13.8406, 22.1421)

[node name="ForearmLeftBone2D" type="Bone2D" parent="Skeleton2D/HipBone2D/BodyBone2D/ArmLeftBone2D"]
position = Vector2(1.83643, 98.4475)
rest = Transform2D(1, 0, 0, 1, 1.83643, 98.4475)
editor_settings/show_bone_gizmo = false

[node name="ForearmLeft" type="Sprite2D" parent="Skeleton2D/HipBone2D/BodyBone2D/ArmLeftBone2D/ForearmLeftBone2D"]
z_index = -2
texture = ExtResource("3_fdcwj")
offset = Vector2(19, 67)

[node name="LegRightBone2D" type="Bone2D" parent="Skeleton2D/HipBone2D/BodyBone2D"]
position = Vector2(-40, 71)
rest = Transform2D(1, 0, 0, 1, -40, 71)
editor_settings/show_bone_gizmo = false

[node name="LegRight" type="Sprite2D" parent="Skeleton2D/HipBone2D/BodyBone2D/LegRightBone2D"]
z_index = 1
texture = ExtResource("4_fapst")
offset = Vector2(-18, 50)

[node name="ShinRightBone2D" type="Bone2D" parent="Skeleton2D/HipBone2D/BodyBone2D/LegRightBone2D"]
position = Vector2(-20.9995, 94)
rest = Transform2D(1, 0, 0, 1, -20.9995, 94)
editor_settings/show_bone_gizmo = false

[node name="ShinRight" type="Sprite2D" parent="Skeleton2D/HipBone2D/BodyBone2D/LegRightBone2D/ShinRightBone2D"]
z_index = 1
texture = ExtResource("5_8lr35")
offset = Vector2(11, 44)

[node name="FootRightBone2D" type="Bone2D" parent="Skeleton2D/HipBone2D/BodyBone2D/LegRightBone2D/ShinRightBone2D"]
position = Vector2(-22.0005, 109)
rest = Transform2D(1, 0, 0, 1, -22.0005, 109)
editor_settings/show_bone_gizmo = false

[node name="FootRight" type="Sprite2D" parent="Skeleton2D/HipBone2D/BodyBone2D/LegRightBone2D/ShinRightBone2D/FootRightBone2D"]
z_index = 1
texture = ExtResource("6_e13od")
offset = Vector2(53, 8)

[node name="ArmRightBone2D" type="Bone2D" parent="Skeleton2D/HipBone2D/BodyBone2D"]
position = Vector2(-80.9995, -128)
rest = Transform2D(1, 0, 0, 1, -80.9995, -128)
editor_settings/show_bone_gizmo = false

[node name="ArmRight" type="Sprite2D" parent="Skeleton2D/HipBone2D/BodyBone2D/ArmRightBone2D"]
z_index = 3
position = Vector2(5.00061, 17.0001)
texture = ExtResource("7_3505v")

[node name="ForearmRightBone2D" type="Bone2D" parent="Skeleton2D/HipBone2D/BodyBone2D/ArmRightBone2D"]
position = Vector2(-14.9995, 97.0002)
rotation = 0.0602108
rest = Transform2D(1, 0, 0, 1, -19.8091, 92.9377)
editor_settings/show_bone_gizmo = false

[node name="ForearmRight" type="Sprite2D" parent="Skeleton2D/HipBone2D/BodyBone2D/ArmRightBone2D/ForearmRightBone2D"]
z_index = 1
texture = ExtResource("8_0shv8")
offset = Vector2(13, 71)

[node name="Hip" type="Sprite2D" parent="Skeleton2D/HipBone2D"]
texture = ExtResource("9_8yfpm")

[node name="HeadBone2D" type="Bone2D" parent="Skeleton2D/HipBone2D"]
position = Vector2(-1.00049, -247)
rest = Transform2D(1, 0, 0, 1, -1.00049, -247)
editor_settings/show_bone_gizmo = false

[node name="Head" type="Sprite2D" parent="Skeleton2D/HipBone2D/HeadBone2D"]
z_index = 1
texture = ExtResource("10_bsm78")
offset = Vector2(17, -192)

[node name="JawBone2D" type="Bone2D" parent="Skeleton2D/HipBone2D/HeadBone2D"]
position = Vector2(-50.9995, -52)
rest = Transform2D(1, 0, 0, 1, -50.9995, -52)
editor_settings/show_bone_gizmo = false

[node name="Jaw" type="Sprite2D" parent="Skeleton2D/HipBone2D/HeadBone2D/JawBone2D"]
z_index = 1
texture = ExtResource("11_lhrco")
offset = Vector2(78, -3)

[node name="LegLeftBone2D" type="Bone2D" parent="Skeleton2D/HipBone2D"]
position = Vector2(54.917, 13.918)
rest = Transform2D(1, 0, 0, 1, 54.917, 13.918)
editor_settings/show_bone_gizmo = false

[node name="LegLeft" type="Sprite2D" parent="Skeleton2D/HipBone2D/LegLeftBone2D"]
z_index = -1
texture = ExtResource("12_hwvfo")
offset = Vector2(-15.8843, 47.4815)

[node name="ShinLeftBone2D" type="Bone2D" parent="Skeleton2D/HipBone2D/LegLeftBone2D"]
position = Vector2(-30.9126, 90.1558)
rest = Transform2D(1, 0, 0, 1, -30.9126, 90.1558)
editor_settings/show_bone_gizmo = false

[node name="ShinLeft" type="Sprite2D" parent="Skeleton2D/HipBone2D/LegLeftBone2D/ShinLeftBone2D"]
z_index = -1
texture = ExtResource("13_vqf6t")
offset = Vector2(19.9122, 47.8443)

[node name="FootLeftBone2D" type="Bone2D" parent="Skeleton2D/HipBone2D/LegLeftBone2D/ShinLeftBone2D"]
position = Vector2(-9.10254, 112.457)
rest = Transform2D(1, 0, 0, 1, -9.10254, 112.457)

[node name="FootLeft" type="Sprite2D" parent="Skeleton2D/HipBone2D/LegLeftBone2D/ShinLeftBone2D/FootLeftBone2D"]
z_index = -1
texture = ExtResource("14_d8wmw")
offset = Vector2(50.1029, 6.543)

[node name="AnimationPlayer" type="AnimationPlayer" parent="."]
libraries = {
"": SubResource("AnimationLibrary_ije7i")
}
