[gd_scene load_steps=28 format=3 uid="uid://urydr0rqxuxr"]

[ext_resource type="Script" path="res://scripts/Controller.gd" id="1"]
[ext_resource type="Texture2D" uid="uid://dn28b4x6n7qc" path="res://sprites/characters/player.png" id="3_8t3fh"]
[ext_resource type="Script" path="res://scripts/Camera.gd" id="3_b0gxj"]
[ext_resource type="Script" path="res://scripts/Teleport.gd" id="4_vtuty"]
[ext_resource type="Texture2D" uid="uid://d0nmei3vq2or8" path="res://sprites/characters/gbot/gBot_body.png" id="5_rdf06"]
[ext_resource type="Texture2D" uid="uid://bt3sqtuhfk7jv" path="res://sprites/characters/gbot/gBot_arm_l.png" id="6_h8818"]
[ext_resource type="Texture2D" uid="uid://cxcf3pp57ixq0" path="res://sprites/characters/gbot/gBot_forearm_l.png" id="7_d07at"]
[ext_resource type="Texture2D" uid="uid://1hdcov2ubssy" path="res://sprites/characters/gbot/gBot_leg_r.png" id="8_vr80i"]
[ext_resource type="Texture2D" uid="uid://yvn7pe5i7jo1" path="res://sprites/characters/gbot/gBot_shin_r.png" id="9_jguaj"]
[ext_resource type="Texture2D" uid="uid://bkl27tqjhggoo" path="res://sprites/characters/gbot/gBot_foot_r.png" id="10_w4e52"]
[ext_resource type="Texture2D" uid="uid://bghms1jnujtr5" path="res://sprites/characters/gbot/gBot_arm_r.png" id="11_druxg"]
[ext_resource type="Texture2D" uid="uid://dr0fj2e14wc7g" path="res://sprites/characters/gbot/gBot_forearm_r.png" id="12_jmo5g"]
[ext_resource type="Texture2D" uid="uid://ceabgmll4i8rs" path="res://sprites/characters/gbot/gBot_hip.png" id="13_4ntoe"]
[ext_resource type="Texture2D" uid="uid://qfw4w7c4c0of" path="res://sprites/characters/gbot/gBot_head.png" id="14_ae3ud"]
[ext_resource type="Texture2D" uid="uid://23her8wrcshe" path="res://sprites/characters/gbot/gBot_jaw.png" id="15_6xhja"]
[ext_resource type="Texture2D" uid="uid://dttln08lsyosv" path="res://sprites/characters/gbot/gBot_leg_l.png" id="16_wrq2k"]
[ext_resource type="Texture2D" uid="uid://c5ibgl7b8pj4q" path="res://sprites/characters/gbot/gBot_shin_l.png" id="17_mfr86"]
[ext_resource type="Texture2D" uid="uid://djaqq8mrjy3yq" path="res://sprites/characters/gbot/gBot_foot_l.png" id="18_fbb56"]

[sub_resource type="RectangleShape2D" id="RectangleShape2D_xhb0y"]
size = Vector2(21.3091, 38.2694)

[sub_resource type="RectangleShape2D" id="RectangleShape2D_0mcfa"]
size = Vector2(28.9965, 5.9989)

[sub_resource type="RectangleShape2D" id="RectangleShape2D_phrin"]
size = Vector2(21.9964, 38.9569)

[sub_resource type="Animation" id="Animation_aq8wd"]
resource_name = "Fall"
tracks/0/type = "value"
tracks/0/imported = false
tracks/0/enabled = true
tracks/0/path = NodePath("Skeleton2D/HipBone2D/HeadBone2D:position")
tracks/0/interp = 1
tracks/0/loop_wrap = true
tracks/0/keys = {
"times": PackedFloat32Array(0, 0.5),
"transitions": PackedFloat32Array(1, 1),
"update": 0,
"values": [Vector2(-1.00049, -247), Vector2(-1.00049, -247)]
}
tracks/1/type = "value"
tracks/1/imported = false
tracks/1/enabled = true
tracks/1/path = NodePath("Skeleton2D/HipBone2D/HeadBone2D:rotation")
tracks/1/interp = 1
tracks/1/loop_wrap = true
tracks/1/keys = {
"times": PackedFloat32Array(0, 0.5),
"transitions": PackedFloat32Array(1, 1),
"update": 0,
"values": [0.0, 0.35664]
}
tracks/2/type = "value"
tracks/2/imported = false
tracks/2/enabled = true
tracks/2/path = NodePath("Skeleton2D/HipBone2D/LegLeftBone2D:position")
tracks/2/interp = 1
tracks/2/loop_wrap = true
tracks/2/keys = {
"times": PackedFloat32Array(0, 0.5),
"transitions": PackedFloat32Array(1, 1),
"update": 0,
"values": [Vector2(54.917, 13.918), Vector2(54.917, 13.918)]
}
tracks/3/type = "value"
tracks/3/imported = false
tracks/3/enabled = true
tracks/3/path = NodePath("Skeleton2D/HipBone2D/LegLeftBone2D:rotation")
tracks/3/interp = 1
tracks/3/loop_wrap = true
tracks/3/keys = {
"times": PackedFloat32Array(0, 0.5),
"transitions": PackedFloat32Array(1, 1),
"update": 0,
"values": [0.0, -1.69396]
}
tracks/4/type = "value"
tracks/4/imported = false
tracks/4/enabled = true
tracks/4/path = NodePath("Skeleton2D/HipBone2D/BodyBone2D/LegRightBone2D:position")
tracks/4/interp = 1
tracks/4/loop_wrap = true
tracks/4/keys = {
"times": PackedFloat32Array(0, 0.5),
"transitions": PackedFloat32Array(1, 1),
"update": 0,
"values": [Vector2(-40, 71), Vector2(-40, 71)]
}
tracks/5/type = "value"
tracks/5/imported = false
tracks/5/enabled = true
tracks/5/path = NodePath("Skeleton2D/HipBone2D/BodyBone2D/LegRightBone2D:rotation")
tracks/5/interp = 1
tracks/5/loop_wrap = true
tracks/5/keys = {
"times": PackedFloat32Array(0, 0.5),
"transitions": PackedFloat32Array(1, 1),
"update": 0,
"values": [-0.0337127, -1.60828]
}
tracks/6/type = "value"
tracks/6/imported = false
tracks/6/enabled = true
tracks/6/path = NodePath("Skeleton2D/HipBone2D/BodyBone2D/LegRightBone2D/ShinRightBone2D:position")
tracks/6/interp = 1
tracks/6/loop_wrap = true
tracks/6/keys = {
"times": PackedFloat32Array(0, 0.5),
"transitions": PackedFloat32Array(1, 1),
"update": 0,
"values": [Vector2(-20.9995, 94), Vector2(-20.9995, 94)]
}
tracks/7/type = "value"
tracks/7/imported = false
tracks/7/enabled = true
tracks/7/path = NodePath("Skeleton2D/HipBone2D/BodyBone2D/LegRightBone2D/ShinRightBone2D:rotation")
tracks/7/interp = 1
tracks/7/loop_wrap = true
tracks/7/keys = {
"times": PackedFloat32Array(0, 0.5),
"transitions": PackedFloat32Array(1, 1),
"update": 0,
"values": [0.0, 1.61982]
}
tracks/8/type = "value"
tracks/8/imported = false
tracks/8/enabled = true
tracks/8/path = NodePath("Skeleton2D/HipBone2D/LegLeftBone2D/ShinLeftBone2D:position")
tracks/8/interp = 1
tracks/8/loop_wrap = true
tracks/8/keys = {
"times": PackedFloat32Array(0, 0.5),
"transitions": PackedFloat32Array(1, 1),
"update": 0,
"values": [Vector2(-30.9126, 90.1558), Vector2(-30.9126, 90.1558)]
}
tracks/9/type = "value"
tracks/9/imported = false
tracks/9/enabled = true
tracks/9/path = NodePath("Skeleton2D/HipBone2D/LegLeftBone2D/ShinLeftBone2D:rotation")
tracks/9/interp = 1
tracks/9/loop_wrap = true
tracks/9/keys = {
"times": PackedFloat32Array(0, 0.5),
"transitions": PackedFloat32Array(1, 1),
"update": 0,
"values": [0.0, 1.64417]
}
tracks/10/type = "value"
tracks/10/imported = false
tracks/10/enabled = true
tracks/10/path = NodePath("Skeleton2D/HipBone2D/BodyBone2D/ArmLeftBone2D:position")
tracks/10/interp = 1
tracks/10/loop_wrap = true
tracks/10/keys = {
"times": PackedFloat32Array(0),
"transitions": PackedFloat32Array(1),
"update": 0,
"values": [Vector2(72.9678, -127.155)]
}
tracks/11/type = "value"
tracks/11/imported = false
tracks/11/enabled = true
tracks/11/path = NodePath("Skeleton2D/HipBone2D/BodyBone2D/ArmLeftBone2D:rotation")
tracks/11/interp = 1
tracks/11/loop_wrap = true
tracks/11/keys = {
"times": PackedFloat32Array(0),
"transitions": PackedFloat32Array(1),
"update": 0,
"values": [0.0]
}

[sub_resource type="Animation" id="Animation_sjjtu"]
resource_name = "Idle"
tracks/0/type = "value"
tracks/0/imported = false
tracks/0/enabled = true
tracks/0/path = NodePath("Skeleton2D/HipBone2D/BodyBone2D/LegRightBone2D:position")
tracks/0/interp = 1
tracks/0/loop_wrap = true
tracks/0/keys = {
"times": PackedFloat32Array(0),
"transitions": PackedFloat32Array(1),
"update": 0,
"values": [Vector2(-40, 71)]
}
tracks/1/type = "value"
tracks/1/imported = false
tracks/1/enabled = true
tracks/1/path = NodePath("Skeleton2D/HipBone2D/BodyBone2D/LegRightBone2D:rotation")
tracks/1/interp = 1
tracks/1/loop_wrap = true
tracks/1/keys = {
"times": PackedFloat32Array(0),
"transitions": PackedFloat32Array(1),
"update": 0,
"values": [-0.0337127]
}
tracks/2/type = "value"
tracks/2/imported = false
tracks/2/enabled = true
tracks/2/path = NodePath("Skeleton2D/HipBone2D/BodyBone2D/LegRightBone2D/ShinRightBone2D:position")
tracks/2/interp = 1
tracks/2/loop_wrap = true
tracks/2/keys = {
"times": PackedFloat32Array(0),
"transitions": PackedFloat32Array(1),
"update": 0,
"values": [Vector2(-20.9995, 94)]
}
tracks/3/type = "value"
tracks/3/imported = false
tracks/3/enabled = true
tracks/3/path = NodePath("Skeleton2D/HipBone2D/BodyBone2D/LegRightBone2D/ShinRightBone2D:rotation")
tracks/3/interp = 1
tracks/3/loop_wrap = true
tracks/3/keys = {
"times": PackedFloat32Array(0),
"transitions": PackedFloat32Array(1),
"update": 0,
"values": [0.0]
}
tracks/4/type = "value"
tracks/4/imported = false
tracks/4/enabled = true
tracks/4/path = NodePath("Skeleton2D/HipBone2D/BodyBone2D/LegRightBone2D/ShinRightBone2D/FootRightBone2D:position")
tracks/4/interp = 1
tracks/4/loop_wrap = true
tracks/4/keys = {
"times": PackedFloat32Array(0),
"transitions": PackedFloat32Array(1),
"update": 0,
"values": [Vector2(-22.0005, 109)]
}
tracks/5/type = "value"
tracks/5/imported = false
tracks/5/enabled = true
tracks/5/path = NodePath("Skeleton2D/HipBone2D/BodyBone2D/LegRightBone2D/ShinRightBone2D/FootRightBone2D:rotation")
tracks/5/interp = 1
tracks/5/loop_wrap = true
tracks/5/keys = {
"times": PackedFloat32Array(0),
"transitions": PackedFloat32Array(1),
"update": 0,
"values": [0.0]
}
tracks/6/type = "value"
tracks/6/imported = false
tracks/6/enabled = true
tracks/6/path = NodePath("Skeleton2D/HipBone2D/BodyBone2D/ArmRightBone2D:position")
tracks/6/interp = 1
tracks/6/loop_wrap = true
tracks/6/keys = {
"times": PackedFloat32Array(0),
"transitions": PackedFloat32Array(1),
"update": 0,
"values": [Vector2(-80.9995, -128)]
}
tracks/7/type = "value"
tracks/7/imported = false
tracks/7/enabled = true
tracks/7/path = NodePath("Skeleton2D/HipBone2D/BodyBone2D/ArmRightBone2D:rotation")
tracks/7/interp = 1
tracks/7/loop_wrap = true
tracks/7/keys = {
"times": PackedFloat32Array(0),
"transitions": PackedFloat32Array(1),
"update": 0,
"values": [0.0]
}
tracks/8/type = "value"
tracks/8/imported = false
tracks/8/enabled = true
tracks/8/path = NodePath("Skeleton2D/HipBone2D/BodyBone2D/ArmRightBone2D/ForearmRightBone2D:position")
tracks/8/interp = 1
tracks/8/loop_wrap = true
tracks/8/keys = {
"times": PackedFloat32Array(0),
"transitions": PackedFloat32Array(1),
"update": 0,
"values": [Vector2(-14.9995, 97.0002)]
}
tracks/9/type = "value"
tracks/9/imported = false
tracks/9/enabled = true
tracks/9/path = NodePath("Skeleton2D/HipBone2D/BodyBone2D/ArmRightBone2D/ForearmRightBone2D:rotation")
tracks/9/interp = 1
tracks/9/loop_wrap = true
tracks/9/keys = {
"times": PackedFloat32Array(0),
"transitions": PackedFloat32Array(1),
"update": 0,
"values": [0.0602108]
}
tracks/10/type = "value"
tracks/10/imported = false
tracks/10/enabled = true
tracks/10/path = NodePath("Skeleton2D/HipBone2D/HeadBone2D:position")
tracks/10/interp = 1
tracks/10/loop_wrap = true
tracks/10/keys = {
"times": PackedFloat32Array(0),
"transitions": PackedFloat32Array(1),
"update": 0,
"values": [Vector2(-1.00049, -247)]
}
tracks/11/type = "value"
tracks/11/imported = false
tracks/11/enabled = true
tracks/11/path = NodePath("Skeleton2D/HipBone2D/HeadBone2D:rotation")
tracks/11/interp = 1
tracks/11/loop_wrap = true
tracks/11/keys = {
"times": PackedFloat32Array(0),
"transitions": PackedFloat32Array(1),
"update": 0,
"values": [0.0]
}
tracks/12/type = "value"
tracks/12/imported = false
tracks/12/enabled = true
tracks/12/path = NodePath("Skeleton2D/HipBone2D/LegLeftBone2D:position")
tracks/12/interp = 1
tracks/12/loop_wrap = true
tracks/12/keys = {
"times": PackedFloat32Array(0),
"transitions": PackedFloat32Array(1),
"update": 0,
"values": [Vector2(54.917, 13.918)]
}
tracks/13/type = "value"
tracks/13/imported = false
tracks/13/enabled = true
tracks/13/path = NodePath("Skeleton2D/HipBone2D/LegLeftBone2D:rotation")
tracks/13/interp = 1
tracks/13/loop_wrap = true
tracks/13/keys = {
"times": PackedFloat32Array(0),
"transitions": PackedFloat32Array(1),
"update": 0,
"values": [0.0]
}
tracks/14/type = "value"
tracks/14/imported = false
tracks/14/enabled = true
tracks/14/path = NodePath("Skeleton2D/HipBone2D/LegLeftBone2D/ShinLeftBone2D:position")
tracks/14/interp = 1
tracks/14/loop_wrap = true
tracks/14/keys = {
"times": PackedFloat32Array(0),
"transitions": PackedFloat32Array(1),
"update": 0,
"values": [Vector2(-30.9126, 90.1558)]
}
tracks/15/type = "value"
tracks/15/imported = false
tracks/15/enabled = true
tracks/15/path = NodePath("Skeleton2D/HipBone2D/LegLeftBone2D/ShinLeftBone2D:rotation")
tracks/15/interp = 1
tracks/15/loop_wrap = true
tracks/15/keys = {
"times": PackedFloat32Array(0),
"transitions": PackedFloat32Array(1),
"update": 0,
"values": [0.0]
}
tracks/16/type = "value"
tracks/16/imported = false
tracks/16/enabled = true
tracks/16/path = NodePath("Skeleton2D/HipBone2D/LegLeftBone2D/ShinLeftBone2D/FootLeftBone2D:position")
tracks/16/interp = 1
tracks/16/loop_wrap = true
tracks/16/keys = {
"times": PackedFloat32Array(0),
"transitions": PackedFloat32Array(1),
"update": 0,
"values": [Vector2(-9.10254, 112.457)]
}
tracks/17/type = "value"
tracks/17/imported = false
tracks/17/enabled = true
tracks/17/path = NodePath("Skeleton2D/HipBone2D/LegLeftBone2D/ShinLeftBone2D/FootLeftBone2D:rotation")
tracks/17/interp = 1
tracks/17/loop_wrap = true
tracks/17/keys = {
"times": PackedFloat32Array(0),
"transitions": PackedFloat32Array(1),
"update": 0,
"values": [0.0]
}
tracks/18/type = "value"
tracks/18/imported = false
tracks/18/enabled = true
tracks/18/path = NodePath("Skeleton2D/HipBone2D/BodyBone2D/ArmLeftBone2D:position")
tracks/18/interp = 1
tracks/18/loop_wrap = true
tracks/18/keys = {
"times": PackedFloat32Array(0),
"transitions": PackedFloat32Array(1),
"update": 0,
"values": [Vector2(72.9678, -127.155)]
}
tracks/19/type = "value"
tracks/19/imported = false
tracks/19/enabled = true
tracks/19/path = NodePath("Skeleton2D/HipBone2D/BodyBone2D/ArmLeftBone2D:rotation")
tracks/19/interp = 1
tracks/19/loop_wrap = true
tracks/19/keys = {
"times": PackedFloat32Array(0),
"transitions": PackedFloat32Array(1),
"update": 0,
"values": [0.0]
}
tracks/20/type = "value"
tracks/20/imported = false
tracks/20/enabled = true
tracks/20/path = NodePath("Skeleton2D/HipBone2D/BodyBone2D/ArmLeftBone2D/ForearmLeftBone2D:position")
tracks/20/interp = 1
tracks/20/loop_wrap = true
tracks/20/keys = {
"times": PackedFloat32Array(0),
"transitions": PackedFloat32Array(1),
"update": 0,
"values": [Vector2(1.83643, 98.4475)]
}
tracks/21/type = "value"
tracks/21/imported = false
tracks/21/enabled = true
tracks/21/path = NodePath("Skeleton2D/HipBone2D/BodyBone2D/ArmLeftBone2D/ForearmLeftBone2D:rotation")
tracks/21/interp = 1
tracks/21/loop_wrap = true
tracks/21/keys = {
"times": PackedFloat32Array(0),
"transitions": PackedFloat32Array(1),
"update": 0,
"values": [0.0]
}

[sub_resource type="Animation" id="Animation_m1n74"]
resource_name = "Jump"
tracks/0/type = "value"
tracks/0/imported = false
tracks/0/enabled = true
tracks/0/path = NodePath("Skeleton2D/HipBone2D/BodyBone2D/ArmLeftBone2D:position")
tracks/0/interp = 1
tracks/0/loop_wrap = true
tracks/0/keys = {
"times": PackedFloat32Array(0, 0.5),
"transitions": PackedFloat32Array(1, 1),
"update": 0,
"values": [Vector2(72.9678, -127.155), Vector2(72.9678, -127.155)]
}
tracks/1/type = "value"
tracks/1/imported = false
tracks/1/enabled = true
tracks/1/path = NodePath("Skeleton2D/HipBone2D/BodyBone2D/ArmLeftBone2D:rotation")
tracks/1/interp = 1
tracks/1/loop_wrap = true
tracks/1/keys = {
"times": PackedFloat32Array(0, 0.5),
"transitions": PackedFloat32Array(1, 1),
"update": 0,
"values": [0.0, -2.23048]
}
tracks/2/type = "value"
tracks/2/imported = false
tracks/2/enabled = true
tracks/2/path = NodePath("Skeleton2D/HipBone2D/BodyBone2D/LegRightBone2D:position")
tracks/2/interp = 1
tracks/2/loop_wrap = true
tracks/2/keys = {
"times": PackedFloat32Array(0, 0.5),
"transitions": PackedFloat32Array(1, 1),
"update": 0,
"values": [Vector2(-40, 71), Vector2(-40, 71)]
}
tracks/3/type = "value"
tracks/3/imported = false
tracks/3/enabled = true
tracks/3/path = NodePath("Skeleton2D/HipBone2D/BodyBone2D/LegRightBone2D:rotation")
tracks/3/interp = 1
tracks/3/loop_wrap = true
tracks/3/keys = {
"times": PackedFloat32Array(0, 0.5),
"transitions": PackedFloat32Array(1, 1),
"update": 0,
"values": [-0.0337127, -1.55063]
}
tracks/4/type = "value"
tracks/4/imported = false
tracks/4/enabled = true
tracks/4/path = NodePath("Skeleton2D/HipBone2D/BodyBone2D/LegRightBone2D/ShinRightBone2D:position")
tracks/4/interp = 1
tracks/4/loop_wrap = true
tracks/4/keys = {
"times": PackedFloat32Array(0, 0.5),
"transitions": PackedFloat32Array(1, 1),
"update": 0,
"values": [Vector2(-20.9995, 94), Vector2(-20.9995, 94)]
}
tracks/5/type = "value"
tracks/5/imported = false
tracks/5/enabled = true
tracks/5/path = NodePath("Skeleton2D/HipBone2D/BodyBone2D/LegRightBone2D/ShinRightBone2D:rotation")
tracks/5/interp = 1
tracks/5/loop_wrap = true
tracks/5/keys = {
"times": PackedFloat32Array(0, 0.5),
"transitions": PackedFloat32Array(1, 1),
"update": 0,
"values": [0.0, 1.61293]
}
tracks/6/type = "value"
tracks/6/imported = false
tracks/6/enabled = true
tracks/6/path = NodePath("Skeleton2D/HipBone2D/HeadBone2D:position")
tracks/6/interp = 1
tracks/6/loop_wrap = true
tracks/6/keys = {
"times": PackedFloat32Array(0, 0.5),
"transitions": PackedFloat32Array(1, 1),
"update": 0,
"values": [Vector2(-1.00049, -247), Vector2(-1.00049, -247)]
}
tracks/7/type = "value"
tracks/7/imported = false
tracks/7/enabled = true
tracks/7/path = NodePath("Skeleton2D/HipBone2D/HeadBone2D:rotation")
tracks/7/interp = 1
tracks/7/loop_wrap = true
tracks/7/keys = {
"times": PackedFloat32Array(0, 0.5),
"transitions": PackedFloat32Array(1, 1),
"update": 0,
"values": [0.0, -0.399454]
}

[sub_resource type="Animation" id="Animation_epyrr"]
length = 0.001
tracks/0/type = "value"
tracks/0/imported = false
tracks/0/enabled = true
tracks/0/path = NodePath("Skeleton2D/HipBone2D/BodyBone2D/ArmLeftBone2D:position")
tracks/0/interp = 1
tracks/0/loop_wrap = true
tracks/0/keys = {
"times": PackedFloat32Array(0),
"transitions": PackedFloat32Array(1),
"update": 0,
"values": [Vector2(72.9678, -127.155)]
}
tracks/1/type = "value"
tracks/1/imported = false
tracks/1/enabled = true
tracks/1/path = NodePath("Skeleton2D/HipBone2D/BodyBone2D/ArmLeftBone2D:rotation")
tracks/1/interp = 1
tracks/1/loop_wrap = true
tracks/1/keys = {
"times": PackedFloat32Array(0),
"transitions": PackedFloat32Array(1),
"update": 0,
"values": [0.0]
}
tracks/2/type = "value"
tracks/2/imported = false
tracks/2/enabled = true
tracks/2/path = NodePath("Skeleton2D/HipBone2D/BodyBone2D/LegRightBone2D:position")
tracks/2/interp = 1
tracks/2/loop_wrap = true
tracks/2/keys = {
"times": PackedFloat32Array(0),
"transitions": PackedFloat32Array(1),
"update": 0,
"values": [Vector2(-40, 71)]
}
tracks/3/type = "value"
tracks/3/imported = false
tracks/3/enabled = true
tracks/3/path = NodePath("Skeleton2D/HipBone2D/BodyBone2D/LegRightBone2D:rotation")
tracks/3/interp = 1
tracks/3/loop_wrap = true
tracks/3/keys = {
"times": PackedFloat32Array(0),
"transitions": PackedFloat32Array(1),
"update": 0,
"values": [-0.0337127]
}
tracks/4/type = "value"
tracks/4/imported = false
tracks/4/enabled = true
tracks/4/path = NodePath("Skeleton2D/HipBone2D/BodyBone2D/ArmRightBone2D:position")
tracks/4/interp = 1
tracks/4/loop_wrap = true
tracks/4/keys = {
"times": PackedFloat32Array(0),
"transitions": PackedFloat32Array(1),
"update": 0,
"values": [Vector2(-80.9995, -128)]
}
tracks/5/type = "value"
tracks/5/imported = false
tracks/5/enabled = true
tracks/5/path = NodePath("Skeleton2D/HipBone2D/BodyBone2D/ArmRightBone2D:rotation")
tracks/5/interp = 1
tracks/5/loop_wrap = true
tracks/5/keys = {
"times": PackedFloat32Array(0),
"transitions": PackedFloat32Array(1),
"update": 0,
"values": [0.0]
}
tracks/6/type = "value"
tracks/6/imported = false
tracks/6/enabled = true
tracks/6/path = NodePath("Skeleton2D/HipBone2D/LegLeftBone2D:position")
tracks/6/interp = 1
tracks/6/loop_wrap = true
tracks/6/keys = {
"times": PackedFloat32Array(0),
"transitions": PackedFloat32Array(1),
"update": 0,
"values": [Vector2(54.917, 13.918)]
}
tracks/7/type = "value"
tracks/7/imported = false
tracks/7/enabled = true
tracks/7/path = NodePath("Skeleton2D/HipBone2D/LegLeftBone2D:rotation")
tracks/7/interp = 1
tracks/7/loop_wrap = true
tracks/7/keys = {
"times": PackedFloat32Array(0),
"transitions": PackedFloat32Array(1),
"update": 0,
"values": [0.0]
}
tracks/8/type = "value"
tracks/8/imported = false
tracks/8/enabled = true
tracks/8/path = NodePath("Skeleton2D/HipBone2D/BodyBone2D/LegRightBone2D/ShinRightBone2D:position")
tracks/8/interp = 1
tracks/8/loop_wrap = true
tracks/8/keys = {
"times": PackedFloat32Array(0),
"transitions": PackedFloat32Array(1),
"update": 0,
"values": [Vector2(-20.9995, 94)]
}
tracks/9/type = "value"
tracks/9/imported = false
tracks/9/enabled = true
tracks/9/path = NodePath("Skeleton2D/HipBone2D/BodyBone2D/LegRightBone2D/ShinRightBone2D:rotation")
tracks/9/interp = 1
tracks/9/loop_wrap = true
tracks/9/keys = {
"times": PackedFloat32Array(0),
"transitions": PackedFloat32Array(1),
"update": 0,
"values": [0.0]
}
tracks/10/type = "value"
tracks/10/imported = false
tracks/10/enabled = true
tracks/10/path = NodePath("Skeleton2D/HipBone2D/HeadBone2D:position")
tracks/10/interp = 1
tracks/10/loop_wrap = true
tracks/10/keys = {
"times": PackedFloat32Array(0),
"transitions": PackedFloat32Array(1),
"update": 0,
"values": [Vector2(-1.00049, -247)]
}
tracks/11/type = "value"
tracks/11/imported = false
tracks/11/enabled = true
tracks/11/path = NodePath("Skeleton2D/HipBone2D/HeadBone2D:rotation")
tracks/11/interp = 1
tracks/11/loop_wrap = true
tracks/11/keys = {
"times": PackedFloat32Array(0),
"transitions": PackedFloat32Array(1),
"update": 0,
"values": [0.0]
}
tracks/12/type = "value"
tracks/12/imported = false
tracks/12/enabled = true
tracks/12/path = NodePath("Skeleton2D/HipBone2D/LegLeftBone2D/ShinLeftBone2D:position")
tracks/12/interp = 1
tracks/12/loop_wrap = true
tracks/12/keys = {
"times": PackedFloat32Array(0),
"transitions": PackedFloat32Array(1),
"update": 0,
"values": [Vector2(-30.9126, 90.1558)]
}
tracks/13/type = "value"
tracks/13/imported = false
tracks/13/enabled = true
tracks/13/path = NodePath("Skeleton2D/HipBone2D/LegLeftBone2D/ShinLeftBone2D:rotation")
tracks/13/interp = 1
tracks/13/loop_wrap = true
tracks/13/keys = {
"times": PackedFloat32Array(0),
"transitions": PackedFloat32Array(1),
"update": 0,
"values": [1.64417]
}
tracks/14/type = "value"
tracks/14/imported = false
tracks/14/enabled = true
tracks/14/path = NodePath("Skeleton2D/HipBone2D/BodyBone2D/LegRightBone2D/ShinRightBone2D/FootRightBone2D:position")
tracks/14/interp = 1
tracks/14/loop_wrap = true
tracks/14/keys = {
"times": PackedFloat32Array(0),
"transitions": PackedFloat32Array(1),
"update": 0,
"values": [Vector2(-22.0005, 109)]
}
tracks/15/type = "value"
tracks/15/imported = false
tracks/15/enabled = true
tracks/15/path = NodePath("Skeleton2D/HipBone2D/BodyBone2D/LegRightBone2D/ShinRightBone2D/FootRightBone2D:rotation")
tracks/15/interp = 1
tracks/15/loop_wrap = true
tracks/15/keys = {
"times": PackedFloat32Array(0),
"transitions": PackedFloat32Array(1),
"update": 0,
"values": [0.0]
}
tracks/16/type = "value"
tracks/16/imported = false
tracks/16/enabled = true
tracks/16/path = NodePath("Skeleton2D/HipBone2D/BodyBone2D/ArmRightBone2D/ForearmRightBone2D:position")
tracks/16/interp = 1
tracks/16/loop_wrap = true
tracks/16/keys = {
"times": PackedFloat32Array(0),
"transitions": PackedFloat32Array(1),
"update": 0,
"values": [Vector2(-14.9995, 97.0002)]
}
tracks/17/type = "value"
tracks/17/imported = false
tracks/17/enabled = true
tracks/17/path = NodePath("Skeleton2D/HipBone2D/BodyBone2D/ArmRightBone2D/ForearmRightBone2D:rotation")
tracks/17/interp = 1
tracks/17/loop_wrap = true
tracks/17/keys = {
"times": PackedFloat32Array(0),
"transitions": PackedFloat32Array(1),
"update": 0,
"values": [0.0602108]
}
tracks/18/type = "value"
tracks/18/imported = false
tracks/18/enabled = true
tracks/18/path = NodePath("Skeleton2D/HipBone2D/LegLeftBone2D/ShinLeftBone2D/FootLeftBone2D:position")
tracks/18/interp = 1
tracks/18/loop_wrap = true
tracks/18/keys = {
"times": PackedFloat32Array(0),
"transitions": PackedFloat32Array(1),
"update": 0,
"values": [Vector2(-9.10254, 112.457)]
}
tracks/19/type = "value"
tracks/19/imported = false
tracks/19/enabled = true
tracks/19/path = NodePath("Skeleton2D/HipBone2D/LegLeftBone2D/ShinLeftBone2D/FootLeftBone2D:rotation")
tracks/19/interp = 1
tracks/19/loop_wrap = true
tracks/19/keys = {
"times": PackedFloat32Array(0),
"transitions": PackedFloat32Array(1),
"update": 0,
"values": [0.0]
}
tracks/20/type = "value"
tracks/20/imported = false
tracks/20/enabled = true
tracks/20/path = NodePath("Skeleton2D/HipBone2D/BodyBone2D/ArmLeftBone2D/ForearmLeftBone2D:position")
tracks/20/interp = 1
tracks/20/loop_wrap = true
tracks/20/keys = {
"times": PackedFloat32Array(0),
"transitions": PackedFloat32Array(1),
"update": 0,
"values": [Vector2(1.83643, 98.4475)]
}
tracks/21/type = "value"
tracks/21/imported = false
tracks/21/enabled = true
tracks/21/path = NodePath("Skeleton2D/HipBone2D/BodyBone2D/ArmLeftBone2D/ForearmLeftBone2D:rotation")
tracks/21/interp = 1
tracks/21/loop_wrap = true
tracks/21/keys = {
"times": PackedFloat32Array(0),
"transitions": PackedFloat32Array(1),
"update": 0,
"values": [0.0]
}

[sub_resource type="Animation" id="Animation_n0psk"]
resource_name = "Walk"
tracks/0/type = "value"
tracks/0/imported = false
tracks/0/enabled = true
tracks/0/path = NodePath("Skeleton2D/HipBone2D/BodyBone2D/ArmLeftBone2D:position")
tracks/0/interp = 1
tracks/0/loop_wrap = true
tracks/0/keys = {
"times": PackedFloat32Array(0, 0.2, 0.5, 0.7, 1),
"transitions": PackedFloat32Array(1, 1, 1, 1, 1),
"update": 0,
"values": [Vector2(72.9678, -127.155), Vector2(72.9678, -127.155), Vector2(72.9678, -127.155), Vector2(72.9678, -127.155), Vector2(72.9678, -127.155)]
}
tracks/1/type = "value"
tracks/1/imported = false
tracks/1/enabled = true
tracks/1/path = NodePath("Skeleton2D/HipBone2D/BodyBone2D/ArmLeftBone2D:rotation")
tracks/1/interp = 1
tracks/1/loop_wrap = true
tracks/1/keys = {
"times": PackedFloat32Array(0, 0.2, 0.5, 0.7, 1),
"transitions": PackedFloat32Array(1, 1, 1, 1, 1),
"update": 0,
"values": [0.0, -0.876915, 0.0, 0.849617, 0.0]
}
tracks/2/type = "value"
tracks/2/imported = false
tracks/2/enabled = true
tracks/2/path = NodePath("Skeleton2D/HipBone2D/BodyBone2D/LegRightBone2D:position")
tracks/2/interp = 1
tracks/2/loop_wrap = true
tracks/2/keys = {
"times": PackedFloat32Array(0, 0.2, 0.5, 0.7, 1),
"transitions": PackedFloat32Array(1, 1, 1, 1, 1),
"update": 0,
"values": [Vector2(-40, 71), Vector2(-40, 71), Vector2(-40, 71), Vector2(-40, 71), Vector2(-40, 71)]
}
tracks/3/type = "value"
tracks/3/imported = false
tracks/3/enabled = true
tracks/3/path = NodePath("Skeleton2D/HipBone2D/BodyBone2D/LegRightBone2D:rotation")
tracks/3/interp = 1
tracks/3/loop_wrap = true
tracks/3/keys = {
"times": PackedFloat32Array(0, 0.2, 0.5, 0.7, 1),
"transitions": PackedFloat32Array(1, 1, 1, 1, 1),
"update": 0,
"values": [-0.0337127, -0.676668, 0.0, 0.589592, 0.0]
}
tracks/4/type = "value"
tracks/4/imported = false
tracks/4/enabled = true
tracks/4/path = NodePath("Skeleton2D/HipBone2D/BodyBone2D/ArmRightBone2D:position")
tracks/4/interp = 1
tracks/4/loop_wrap = true
tracks/4/keys = {
"times": PackedFloat32Array(0, 0.2, 0.5, 0.7, 1),
"transitions": PackedFloat32Array(1, 1, 1, 1, 1),
"update": 0,
"values": [Vector2(-80.9995, -128), Vector2(-80.9995, -128), Vector2(-80.9995, -128), Vector2(-80.9995, -128), Vector2(-80.9995, -128)]
}
tracks/5/type = "value"
tracks/5/imported = false
tracks/5/enabled = true
tracks/5/path = NodePath("Skeleton2D/HipBone2D/BodyBone2D/ArmRightBone2D:rotation")
tracks/5/interp = 1
tracks/5/loop_wrap = true
tracks/5/keys = {
"times": PackedFloat32Array(0, 0.2, 0.5, 0.7, 1),
"transitions": PackedFloat32Array(1, 1, 1, 1, 1),
"update": 0,
"values": [0.0, 0.683063, 0.0, -1.05798, 0.0]
}
tracks/6/type = "value"
tracks/6/imported = false
tracks/6/enabled = true
tracks/6/path = NodePath("Skeleton2D/HipBone2D/LegLeftBone2D:position")
tracks/6/interp = 1
tracks/6/loop_wrap = true
tracks/6/keys = {
"times": PackedFloat32Array(0, 0.2, 0.5, 0.7, 1),
"transitions": PackedFloat32Array(1, 1, 1, 1, 1),
"update": 0,
"values": [Vector2(54.917, 13.918), Vector2(54.917, 13.918), Vector2(54.917, 13.918), Vector2(54.917, 13.918), Vector2(54.917, 13.918)]
}
tracks/7/type = "value"
tracks/7/imported = false
tracks/7/enabled = true
tracks/7/path = NodePath("Skeleton2D/HipBone2D/LegLeftBone2D:rotation")
tracks/7/interp = 1
tracks/7/loop_wrap = true
tracks/7/keys = {
"times": PackedFloat32Array(0, 0.2, 0.5, 0.7, 1),
"transitions": PackedFloat32Array(1, 1, 1, 1, 1),
"update": 0,
"values": [0.0, 0.750877, 0.0, -0.630416, 0.0]
}

[sub_resource type="AnimationLibrary" id="AnimationLibrary_oggn2"]
_data = {
"Fall": SubResource("Animation_aq8wd"),
"Idle": SubResource("Animation_sjjtu"),
"Jump": SubResource("Animation_m1n74"),
"RESET": SubResource("Animation_epyrr"),
"Walk": SubResource("Animation_n0psk")
}

[node name="Player" type="CharacterBody2D" node_paths=PackedStringArray("teleport")]
position = Vector2(517, 325)
collision_mask = 2
script = ExtResource("1")
teleport = NodePath("Teleport")

[node name="CollisionShape2D" type="CollisionShape2D" parent="."]
position = Vector2(0, -12.75)
rotation = -3.14159
scale = Vector2(1.45478, -2.1819)
shape = SubResource("RectangleShape2D_xhb0y")

[node name="StaticBody2D" type="Area2D" parent="."]
collision_layer = 3
collision_mask = 2

[node name="CollisionShape2D" type="CollisionShape2D" parent="StaticBody2D"]
position = Vector2(-4.05312e-06, 27)
rotation = 0.0193239
shape = SubResource("RectangleShape2D_0mcfa")

[node name="RayCast2D" type="RayCast2D" parent="."]
collision_mask = 3

[node name="Camera2D" type="Camera2D" parent="." node_paths=PackedStringArray("player")]
position_smoothing_enabled = true
script = ExtResource("3_b0gxj")
player = NodePath("..")

[node name="Teleport" type="Area2D" parent="." node_paths=PackedStringArray("player")]
collision_mask = 2
script = ExtResource("4_vtuty")
player = NodePath("..")

[node name="CollisionShape2D" type="CollisionShape2D" parent="Teleport"]
position = Vector2(0, -11.5)
rotation = -3.14159
scale = Vector2(1.45478, -2.1819)
shape = SubResource("RectangleShape2D_phrin")

[node name="Sprite2D" type="Sprite2D" parent="Teleport"]
modulate = Color(1, 1, 1, 0.0745098)
scale = Vector2(0.5, 0.5)
texture = ExtResource("3_8t3fh")
region_enabled = true
region_rect = Rect2(9, 124, 63, 96)

[node name="Skeleton2D" type="Skeleton2D" parent="."]
position = Vector2(-2, 2)

[node name="HipBone2D" type="Bone2D" parent="Skeleton2D"]
scale = Vector2(0.1, 0.1)
rest = Transform2D(0.1, 0, 0, 0.1, 553, 284)
editor_settings/show_bone_gizmo = false

[node name="BodyBone2D" type="Bone2D" parent="Skeleton2D/HipBone2D"]
position = Vector2(-4.00049, -49)
rest = Transform2D(1, 0, 0, 1, -4.00049, -49)
editor_settings/show_bone_gizmo = false

[node name="Body" type="Sprite2D" parent="Skeleton2D/HipBone2D/BodyBone2D"]
z_index = 1
texture = ExtResource("5_rdf06")
offset = Vector2(7, -106)

[node name="ArmLeftBone2D" type="Bone2D" parent="Skeleton2D/HipBone2D/BodyBone2D"]
position = Vector2(72.9678, -127.155)
rest = Transform2D(1, 0, 0, 1, 72.9678, -127.155)
editor_settings/show_bone_gizmo = false

[node name="ArmLeft" type="Sprite2D" parent="Skeleton2D/HipBone2D/BodyBone2D/ArmLeftBone2D"]
texture = ExtResource("6_h8818")
offset = Vector2(13.8406, 22.1421)

[node name="ForearmLeftBone2D" type="Bone2D" parent="Skeleton2D/HipBone2D/BodyBone2D/ArmLeftBone2D"]
position = Vector2(1.83643, 98.4475)
rest = Transform2D(1, 0, 0, 1, 1.83643, 98.4475)
editor_settings/show_bone_gizmo = false

[node name="ForearmLeft" type="Sprite2D" parent="Skeleton2D/HipBone2D/BodyBone2D/ArmLeftBone2D/ForearmLeftBone2D"]
texture = ExtResource("7_d07at")
offset = Vector2(19, 67)

[node name="LegRightBone2D" type="Bone2D" parent="Skeleton2D/HipBone2D/BodyBone2D"]
position = Vector2(-40, 71)
rotation = -0.0337127
rest = Transform2D(1, 0, 0, 1, -40, 71)
editor_settings/show_bone_gizmo = false

[node name="LegRight" type="Sprite2D" parent="Skeleton2D/HipBone2D/BodyBone2D/LegRightBone2D"]
z_index = 1
texture = ExtResource("8_vr80i")
offset = Vector2(-18, 50)

[node name="ShinRightBone2D" type="Bone2D" parent="Skeleton2D/HipBone2D/BodyBone2D/LegRightBone2D"]
position = Vector2(-20.9995, 94)
rest = Transform2D(1, 0, 0, 1, -20.9995, 94)
editor_settings/show_bone_gizmo = false

[node name="ShinRight" type="Sprite2D" parent="Skeleton2D/HipBone2D/BodyBone2D/LegRightBone2D/ShinRightBone2D"]
z_index = 1
texture = ExtResource("9_jguaj")
offset = Vector2(11, 44)

[node name="FootRightBone2D" type="Bone2D" parent="Skeleton2D/HipBone2D/BodyBone2D/LegRightBone2D/ShinRightBone2D"]
position = Vector2(-22.0005, 109)
rest = Transform2D(1, 0, 0, 1, -22.0005, 109)
editor_settings/show_bone_gizmo = false

[node name="FootRight" type="Sprite2D" parent="Skeleton2D/HipBone2D/BodyBone2D/LegRightBone2D/ShinRightBone2D/FootRightBone2D"]
z_index = 1
texture = ExtResource("10_w4e52")
offset = Vector2(53, 8)

[node name="ArmRightBone2D" type="Bone2D" parent="Skeleton2D/HipBone2D/BodyBone2D"]
position = Vector2(-80.9995, -128)
rest = Transform2D(1, 0, 0, 1, -80.9995, -128)
editor_settings/show_bone_gizmo = false

[node name="ArmRight" type="Sprite2D" parent="Skeleton2D/HipBone2D/BodyBone2D/ArmRightBone2D"]
z_index = 3
position = Vector2(5.00061, 17.0001)
texture = ExtResource("11_druxg")

[node name="ForearmRightBone2D" type="Bone2D" parent="Skeleton2D/HipBone2D/BodyBone2D/ArmRightBone2D"]
position = Vector2(-14.9995, 97.0002)
rotation = 0.0602108
rest = Transform2D(1, 0, 0, 1, -19.8091, 92.9377)
editor_settings/show_bone_gizmo = false

[node name="ForearmRight" type="Sprite2D" parent="Skeleton2D/HipBone2D/BodyBone2D/ArmRightBone2D/ForearmRightBone2D"]
z_index = 1
texture = ExtResource("12_jmo5g")
offset = Vector2(13, 71)

[node name="Hip" type="Sprite2D" parent="Skeleton2D/HipBone2D"]
texture = ExtResource("13_4ntoe")

[node name="HeadBone2D" type="Bone2D" parent="Skeleton2D/HipBone2D"]
position = Vector2(-1.00049, -247)
rest = Transform2D(1, 0, 0, 1, -1.00049, -247)
editor_settings/show_bone_gizmo = false

[node name="Head" type="Sprite2D" parent="Skeleton2D/HipBone2D/HeadBone2D"]
z_index = 1
texture = ExtResource("14_ae3ud")
offset = Vector2(17, -192)

[node name="JawBone2D" type="Bone2D" parent="Skeleton2D/HipBone2D/HeadBone2D"]
position = Vector2(-50.9995, -52)
rest = Transform2D(1, 0, 0, 1, -50.9995, -52)
editor_settings/show_bone_gizmo = false

[node name="Jaw" type="Sprite2D" parent="Skeleton2D/HipBone2D/HeadBone2D/JawBone2D"]
z_index = 1
texture = ExtResource("15_6xhja")
offset = Vector2(78, -3)

[node name="LegLeftBone2D" type="Bone2D" parent="Skeleton2D/HipBone2D"]
position = Vector2(54.917, 13.918)
rest = Transform2D(1, 0, 0, 1, 54.917, 13.918)
editor_settings/show_bone_gizmo = false

[node name="LegLeft" type="Sprite2D" parent="Skeleton2D/HipBone2D/LegLeftBone2D"]
texture = ExtResource("16_wrq2k")
offset = Vector2(-15.8843, 47.4815)

[node name="ShinLeftBone2D" type="Bone2D" parent="Skeleton2D/HipBone2D/LegLeftBone2D"]
position = Vector2(-30.9126, 90.1558)
rotation = 1.64417
scale = Vector2(1, 1)
rest = Transform2D(1, 0, 0, 1, -30.9126, 90.1558)
editor_settings/show_bone_gizmo = false

[node name="ShinLeft" type="Sprite2D" parent="Skeleton2D/HipBone2D/LegLeftBone2D/ShinLeftBone2D"]
texture = ExtResource("17_mfr86")
offset = Vector2(19.9122, 47.8443)

[node name="FootLeftBone2D" type="Bone2D" parent="Skeleton2D/HipBone2D/LegLeftBone2D/ShinLeftBone2D"]
position = Vector2(-9.10254, 112.457)
rest = Transform2D(1, 0, 0, 1, -9.10254, 112.457)

[node name="FootLeft" type="Sprite2D" parent="Skeleton2D/HipBone2D/LegLeftBone2D/ShinLeftBone2D/FootLeftBone2D"]
texture = ExtResource("18_fbb56")
offset = Vector2(50.1029, 6.543)

[node name="AnimationPlayer" type="AnimationPlayer" parent="."]
libraries = {
"": SubResource("AnimationLibrary_oggn2")
}
speed_scale = 4.0

[connection signal="body_entered" from="StaticBody2D" to="." method="_on_static_body_2d_body_entered"]
[connection signal="body_exited" from="StaticBody2D" to="." method="_on_static_body_2d_body_exited"]
[connection signal="body_entered" from="Teleport" to="Teleport" method="_on_body_entered"]
[connection signal="body_exited" from="Teleport" to="Teleport" method="_on_body_exited"]
